//Statistical

@article{FisherVector1,
  title={Image classification with the fisher vector: Theory and practice},
  author={S{\'a}nchez, Jorge and Perronnin, Florent and Mensink, Thomas and Verbeek, Jakob},
  journal={International journal of computer vision},
  volume={105},
  number={3},
  pages={222--245},
  year={2013},
  publisher={Springer}
}

@inproceedings{FisherVector2,
  title={Improving the fisher kernel for large-scale image classification},
  author={Perronnin, Florent and S{\'a}nchez, Jorge and Mensink, Thomas},
  booktitle={European conference on computer vision},
  pages={143--156},
  year={2010},
  organization={Springer}
}


@inproceedings{encnet,
  title={Context encoding for semantic segmentation},
  author={Zhang, Hang and Dana, Kristin and Shi, Jianping and Zhang, Zhongyue and Wang, Xiaogang and Tyagi, Ambrish and Agrawal, Amit},
  booktitle={Proceedings of the IEEE conference on Computer Vision and Pattern Recognition},
  pages={7151--7160},
  year={2018}
}
@inproceedings{VLAD,
  title={Aggregating local descriptors into a compact image representation},
  author={J{\'e}gou, Herv{\'e} and Douze, Matthijs and Schmid, Cordelia and P{\'e}rez, Patrick},
  booktitle={2010 IEEE computer society conference on computer vision and pattern recognition},
  pages={3304--3311},
  year={2010},
  organization={IEEE}
}

@inproceedings{BoW1,
  title={Visual categorization with bags of keypoints},
  author={Csurka, Gabriella and Dance, Christopher and Fan, Lixin and Willamowski, Jutta and Bray, C{\'e}dric},
  booktitle={Workshop on statistical learning in computer vision, ECCV},
  volume={1},
  number={1-22},
  pages={1--2},
  year={2004},
  organization={Prague}
}

@inproceedings{BoW2,
  title={A bayesian hierarchical model for learning natural scene categories},
  author={Fei-Fei, Li and Perona, Pietro},
  booktitle={2005 IEEE Computer Society Conference on Computer Vision and Pattern Recognition (CVPR'05)},
  volume={2},
  pages={524--531},
  year={2005},
  organization={IEEE}
}
@inproceedings{BoW3,
  title={Text categorization with support vector machines: Learning with many relevant features},
  author={Joachims, Thorsten},
  booktitle={European conference on machine learning},
  pages={137--142},
  year={1998},
  organization={Springer}
}

@inproceedings{BoW4,
  title={Discovering objects and their location in images},
  author={Sivic, Josef and Russell, Bryan C and Efros, Alexei A and Zisserman, Andrew and Freeman, William T},
  booktitle={Tenth IEEE International Conference on Computer Vision (ICCV'05) Volume 1},
  volume={1},
  pages={370--377},
  year={2005},
  organization={IEEE}
}


@inproceedings{DeepTEN,
  title={Deep ten: Texture encoding network},
  author={Zhang, Hang and Xue, Jia and Dana, Kristin},
  booktitle={Proceedings of the IEEE conference on computer vision and pattern recognition},
  pages={708--717},
  year={2017}
}


//RGB based Detection
@inproceedings{monocular3D,
  title={Monocular 3d object detection for autonomous driving},
  author={Chen, Xiaozhi and Kundu, Kaustav and Zhang, Ziyu and Ma, Huimin and Fidler, Sanja and Urtasun, Raquel},
  booktitle={Proceedings of the IEEE Conference on Computer Vision and Pattern Recognition},
  pages={2147--2156},
  year={2016}
}

@inproceedings{stereoRCNN,
  title={Stereo r-cnn based 3d object detection for autonomous driving},
  author={Li, Peiliang and Chen, Xiaozhi and Shen, Shaojie},
  booktitle={Proceedings of the IEEE Conference on Computer Vision and Pattern Recognition},
  pages={7644--7652},
  year={2019}
}

@inproceedings{3D_stereo,
  title={3d object proposals for accurate object class detection},
  author={Chen, Xiaozhi and Kundu, Kaustav and Zhu, Yukun and Berneshawi, Andrew G and Ma, Huimin and Fidler, Sanja and Urtasun, Raquel},
  booktitle={Advances in Neural Information Processing Systems},
  pages={424--432},
  year={2015}
}

//Detection from BEV
@inproceedings{pixor,
  title={Pixor: Real-time 3d object detection from point clouds},
  author={Yang, Bin and Luo, Wenjie and Urtasun, Raquel},
  booktitle={Proceedings of the IEEE conference on Computer Vision and Pattern Recognition},
  pages={7652--7660},
  year={2018}
}

@inproceedings{fast3d,
  title={Fast and furious: Real time end-to-end 3d detection, tracking and motion forecasting with a single convolutional net},
  author={Luo, Wenjie and Yang, Bin and Urtasun, Raquel},
  booktitle={Proceedings of the IEEE conference on Computer Vision and Pattern Recognition},
  pages={3569--3577},
  year={2018}
}
@inproceedings{deepfusion,
  title={Deep continuous fusion for multi-sensor 3d object detection},
  author={Liang, Ming and Yang, Bin and Wang, Shenlong and Urtasun, Raquel},
  booktitle={Proceedings of the European Conference on Computer Vision (ECCV)},
  pages={641--656},
  year={2018}
}
@inproceedings{chen2017multi,
  title={Multi-view 3d object detection network for autonomous driving},
  author={Chen, Xiaozhi and Ma, Huimin and Wan, Ji and Li, Bo and Xia, Tian},
  booktitle={Proceedings of the IEEE Conference on Computer Vision and Pattern Recognition},
  pages={1907--1915},
  year={2017}
}
@inproceedings{ku2018joint,
  title={Joint 3d proposal generation and object detection from view aggregation},
  author={Ku, Jason and Mozifian, Melissa and Lee, Jungwook and Harakeh, Ali and Waslander, Steven L},
  booktitle={2018 IEEE/RSJ International Conference on Intelligent Robots and Systems (IROS)},
  pages={1--8},
  year={2018},
  organization={IEEE}
}



// voxel based 3D detection (5)
@inproceedings{voxelnet,
  title={Voxelnet: End-to-end learning for point cloud based 3d object detection},
  author={Zhou, Yin and Tuzel, Oncel},
  booktitle={Proceedings of the IEEE Conference on Computer Vision and Pattern Recognition},
  pages={4490--4499},
  year={2018}
}
@article{second,
  title={Second: Sparsely embedded convolutional detection},
  author={Yan, Yan and Mao, Yuxing and Li, Bo},
  journal={Sensors},
  volume={18},
  number={10},
  pages={3337},
  year={2018},
  publisher={Multidisciplinary Digital Publishing Institute}
}
@inproceedings{pointpillars,
  title={PointPillars: Fast encoders for object detection from point clouds},
  author={Lang, Alex H and Vora, Sourabh and Caesar, Holger and Zhou, Lubing and Yang, Jiong and Beijbom, Oscar},
  booktitle={Proceedings of the IEEE Conference on Computer Vision and Pattern Recognition},
  pages={12697--12705},
  year={2019}
}
@article{part-A,
  title={Part-A\^{} 2 Net: 3D Part-Aware and Aggregation Neural Network for Object Detection from Point Cloud},
  author={Shi, Shaoshuai and Wang, Zhe and Wang, Xiaogang and Li, Hongsheng},
  journal={arXiv preprint arXiv:1907.03670},
  year={2019}
}
@article{Voxel-FPN,
  title={Voxel-FPN: multi-scale voxel feature aggregation in 3D object detection from point clouds},
  author={Wang, Bei and An, Jianping and Cao, Jiayan},
  journal={arXiv preprint arXiv:1907.05286},
  year={2019}
}



//other 3d detections(fusion)

@inproceedings{MMF,
  title={Multi-Task Multi-Sensor Fusion for 3D Object Detection},
  author={Liang, Ming and Yang, Bin and Chen, Yun and Hu, Rui and Urtasun, Raquel},
  booktitle={Proceedings of the IEEE Conference on Computer Vision and Pattern Recognition},
  pages={7345--7353},
  year={2019}
}


//detection/seg on 2d  (8)

@inproceedings{ImageNet,
  title={Imagenet: A large-scale hierarchical image database},
  author={Deng, Jia and Dong, Wei and Socher, Richard and Li, Li-Jia and Li, Kai and Fei-Fei, Li},
  booktitle={2009 IEEE conference on computer vision and pattern recognition},
  pages={248--255},
  year={2009},
  organization={Ieee}
}

@article{HRNet,
  title={Deep high-resolution representation learning for human pose estimation},
  author={Sun, Ke and Xiao, Bin and Liu, Dong and Wang, Jingdong},
  journal={arXiv preprint arXiv:1902.09212},
  year={2019}
}
@inproceedings{DenseNet,
  title={Densely connected convolutional networks},
  author={Huang, Gao and Liu, Zhuang and Van Der Maaten, Laurens and Weinberger, Kilian Q},
  booktitle={Proceedings of the IEEE conference on computer vision and pattern recognition},
  pages={4700--4708},
  year={2017}
}

@inproceedings{FPN,
  title={Feature pyramid networks for object detection},
  author={Lin, Tsung-Yi and Doll{\'a}r, Piotr and Girshick, Ross and He, Kaiming and Hariharan, Bharath and Belongie, Serge},
  booktitle={Proceedings of the IEEE conference on computer vision and pattern recognition},
  pages={2117--2125},
  year={2017}
}

@inproceedings{FastRCNN,
  title={Fast r-cnn},
  author={Girshick, Ross},
  booktitle={Proceedings of the IEEE international conference on computer vision},
  pages={1440--1448},
  year={2015}
}

@inproceedings{FasterRCNN,
  title={Faster r-cnn: Towards real-time object detection with region proposal networks},
  author={Ren, Shaoqing and He, Kaiming and Girshick, Ross and Sun, Jian},
  booktitle={Advances in neural information processing systems},
  pages={91--99},
  year={2015}
}

@inproceedings{SENet,
  title={Squeeze-and-excitation networks},
  author={Hu, Jie and Shen, Li and Sun, Gang},
  booktitle={Proceedings of the IEEE conference on computer vision and pattern recognition},
  pages={7132--7141},
  year={2018}
}

@article{widerResNet,
  title={Wider or deeper: Revisiting the resnet model for visual recognition},
  author={Wu, Zifeng and Shen, Chunhua and Van Den Hengel, Anton},
  journal={Pattern Recognition},
  volume={90},
  pages={119--133},
  year={2019},
  publisher={Elsevier}
}

@inproceedings{shufflenet,
  title={Shufflenet: An extremely efficient convolutional neural network for mobile devices},
  author={Zhang, Xiangyu and Zhou, Xinyu and Lin, Mengxiao and Sun, Jian},
  booktitle={Proceedings of the IEEE Conference on Computer Vision and Pattern Recognition},
  pages={6848--6856},
  year={2018}
}

//BN

@article{BN,
  title={Batch normalization: Accelerating deep network training by reducing internal covariate shift},
  author={Ioffe, Sergey and Szegedy, Christian},
  journal={arXiv preprint arXiv:1502.03167},
  year={2015}
}


//atrous


@article{Deeplabv3,
  title={Rethinking atrous convolution for semantic image segmentation},
  author={Chen, Liang-Chieh and Papandreou, George and Schroff, Florian and Adam, Hartwig},
  journal={arXiv preprint arXiv:1706.05587},
  year={2017}
}
//aspp

@article{Deeplabv1,
  title={Deeplab: Semantic image segmentation with deep convolutional nets, atrous convolution, and fully connected crfs},
  author={Chen, Liang-Chieh and Papandreou, George and Kokkinos, Iasonas and Murphy, Kevin and Yuille, Alan L},
  journal={IEEE transactions on pattern analysis and machine intelligence},
  volume={40},
  number={4},
  pages={834--848},
  year={2017},
  publisher={IEEE}
}

@inproceedings{Deeplabv3+,
  title={Encoder-decoder with atrous separable convolution for semantic image segmentation},
  author={Chen, Liang-Chieh and Zhu, Yukun and Papandreou, George and Schroff, Florian and Adam, Hartwig},
  booktitle={Proceedings of the European conference on computer vision (ECCV)},
  pages={801--818},
  year={2018}
}
@inproceedings{UNet,
  title={U-net: Convolutional networks for biomedical image segmentation},
  author={Ronneberger, Olaf and Fischer, Philipp and Brox, Thomas},
  booktitle={International Conference on Medical image computing and computer-assisted intervention},
  pages={234--241},
  year={2015},
  organization={Springer}
}
@inproceedings{DenseASPP,
  title={Denseaspp for semantic segmentation in street scenes},
  author={Yang, Maoke and Yu, Kun and Zhang, Chi and Li, Zhiwei and Yang, Kuiyuan},
  booktitle={Proceedings of the IEEE Conference on Computer Vision and Pattern Recognition},
  pages={3684--3692},
  year={2018}
}


//point based 3D detection  (5)
@inproceedings{FrustumPointNet,
  title={Frustum pointnets for 3d object detection from rgb-d data},
  author={Qi, Charles R and Liu, Wei and Wu, Chenxia and Su, Hao and Guibas, Leonidas J},
  booktitle={Proceedings of the IEEE Conference on Computer Vision and Pattern Recognition},
  pages={918--927},
  year={2018}
}
@article{VoteNet,
  title={Deep Hough Voting for 3D Object Detection in Point Clouds},
  author={Qi, Charles R and Litany, Or and He, Kaiming and Guibas, Leonidas J},
  journal={arXiv preprint arXiv:1904.09664},
  year={2019}
}
@inproceedings{PointRCNN,
  title={Pointrcnn: 3d object proposal generation and detection from point cloud},
  author={Shi, Shaoshuai and Wang, Xiaogang and Li, Hongsheng},
  booktitle={Proceedings of the IEEE Conference on Computer Vision and Pattern Recognition},
  pages={770--779},
  year={2019}
}
@article{STD,
  title={STD: Sparse-to-Dense 3D Object Detector for Point Cloud},
  author={Yang, Zetong and Sun, Yanan and Liu, Shu and Shen, Xiaoyong and Jia, Jiaya},
  journal={arXiv preprint arXiv:1907.10471},
  year={2019}
}
@article{FrustumConvnet,
  title={Frustum convnet: Sliding frustums to aggregate local point-wise features for amodal 3d object detection},
  author={Wang, Zhixin and Jia, Kui},
  journal={arXiv preprint arXiv:1903.01864},
  year={2019}
}




//context,shape

@article{oliva2007role,
  title={The role of context in object recognition},
  author={Oliva, Aude and Torralba, Antonio},
  journal={Trends in cognitive sciences},
  volume={11},
  number={12},
  pages={520--527},
  year={2007},
  publisher={Elsevier}
}


@inproceedings{shapecontextnet,
  title={Attentional shapecontextnet for point cloud recognition},
  author={Xie, Saining and Liu, Sainan and Chen, Zeyu and Tu, Zhuowen},
  booktitle={Proceedings of the IEEE Conference on Computer Vision and Pattern Recognition},
  pages={4606--4615},
  year={2018}
}
@article{shape_matching,
  title={Shape matching and object recognition using shape contexts},
  author={Belongie, Serge and Malik, Jitendra and Puzicha, Jan},
  journal={IEEE Transactions on Pattern Analysis \& Machine Intelligence},
  number={4},
  pages={509--522},
  year={2002},
  publisher={IEEE}
}


//attention
@inproceedings{Attention is all you need,
  title={Attention is all you need},
  author={Vaswani, Ashish and Shazeer, Noam and Parmar, Niki and Uszkoreit, Jakob and Jones, Llion and Gomez, Aidan N and Kaiser, {\L}ukasz and Polosukhin, Illia},
  booktitle={Advances in neural information processing systems},
  pages={5998--6008},
  year={2017}}


@inproceedings{Gumbel,
  title={Modeling Point Clouds with Self-Attention and Gumbel Subset Sampling},
  author={Yang, Jiancheng and Zhang, Qiang and Ni, Bingbing and Li, Linguo and Liu, Jinxian and Zhou, Mengdie and Tian, Qi},
  booktitle={Proceedings of the IEEE Conference on Computer Vision and Pattern Recognition},
  pages={3323--3332},
  year={2019}
}



// point seg (10-15，其他类别有包含,待续)
@inproceedings{pointcnn,
  title={Pointcnn: Convolution on x-transformed points},
  author={Li, Yangyan and Bu, Rui and Sun, Mingchao and Wu, Wei and Di, Xinhan and Chen, Baoquan},
  booktitle={Advances in Neural Information Processing Systems},
  pages={820--830},
  year={2018}
}
@inproceedings{pointnet,
  title={Pointnet: Deep learning on point sets for 3d classification and segmentation},
  author={Qi, Charles R and Su, Hao and Mo, Kaichun and Guibas, Leonidas J},
  booktitle={Proceedings of the IEEE Conference on Computer Vision and Pattern Recognition},
  pages={652--660},
  year={2017}
}
@inproceedings{pointnet++,
  title={Pointnet++: Deep hierarchical feature learning on point sets in a metric space},
  author={Qi, Charles Ruizhongtai and Yi, Li and Su, Hao and Guibas, Leonidas J},
  booktitle={Advances in neural information processing systems},
  pages={5099--5108},
  year={2017}
}
@article{densepoint,
  title={DensePoint: Learning Densely Contextual Representation for Efficient Point Cloud Processing},
  author={Liu, Yongcheng and Fan, Bin and Meng, Gaofeng and Lu, Jiwen and Xiang, Shiming and Pan, Chunhong},
  journal={arXiv preprint arXiv:1909.03669},
  year={2019}
}
@article{sawnet,
  title={SAWNet: A Spatially Aware Deep Neural Network for 3D Point Cloud Processing},
  author={Kaul, Chaitanya and Pears, Nick and Manandhar, Suresh},
  journal={arXiv preprint arXiv:1905.07650},
  year={2019}
}
@inproceedings{relation-shape,
  title={Relation-Shape Convolutional Neural Network for Point Cloud Analysis},
  author={Liu, Yongcheng and Fan, Bin and Xiang, Shiming and Pan, Chunhong},
  booktitle={Proceedings of the IEEE Conference on Computer Vision and Pattern Recognition},
  pages={8895--8904},
  year={2019}
}
@inproceedings{ASIS,
  title={Associatively Segmenting Instances and Semantics in Point Clouds},
  author={Wang, Xinlong and Liu, Shu and Shen, Xiaoyong and Shen, Chunhua and Jia, Jiaya},
  booktitle={Proceedings of the IEEE Conference on Computer Vision and Pattern Recognition},
  pages={4096--4105},
  year={2019}
}

@inproceedings{ppfnet,
  title={Ppfnet: Global context aware local features for robust 3d point matching},
  author={Deng, Haowen and Birdal, Tolga and Ilic, Slobodan},
  booktitle={Proceedings of the IEEE Conference on Computer Vision and Pattern Recognition},
  pages={195--205},
  year={2018}
}

@inproceedings{LG-PointNet++,
  title={Exploiting Local and Global Structure for Point Cloud Semantic Segmentation with Contextual Point Representations},
  author={Xu Wang, Jingming He and Lin Ma},
  booktitle={NeurIPS},
  year={2019},
}







// compare experiments  (6)
@inproceedings{deepsliding,
  title={Deep sliding shapes for amodal 3d object detection in rgb-d images},
  author={Song, Shuran and Xiao, Jianxiong},
  booktitle={Proceedings of the IEEE Conference on Computer Vision and Pattern Recognition},
  pages={808--816},
  year={2016}
}
@inproceedings{three-dimensional,
  title={Three-dimensional object detection and layout prediction using clouds of oriented gradients},
  author={Ren, Zhile and Sudderth, Erik B},
  booktitle={Proceedings of the IEEE Conference on Computer Vision and Pattern Recognition},
  pages={1525--1533},
  year={2016}
}
@inproceedings{2d_driven_3d,
  title={2d-driven 3d object detection in rgb-d images},
  author={Lahoud, Jean and Ghanem, Bernard},
  booktitle={Proceedings of the IEEE International Conference on Computer Vision},
  pages={4622--4630},
  year={2017}
}
@inproceedings{3d-sis,
  title={3d-sis: 3d semantic instance segmentation of rgb-d scans},
  author={Hou, Ji and Dai, Angela and Nie{\ss}ner, Matthias},
  booktitle={Proceedings of the IEEE Conference on Computer Vision and Pattern Recognition},
  pages={4421--4430},
  year={2019}
}
@inproceedings{maskRCNN,
  title={Mask r-cnn},
  author={He, Kaiming and Gkioxari, Georgia and Doll{\'a}r, Piotr and Girshick, Ross},
  booktitle={Proceedings of the IEEE international conference on computer vision},
  pages={2961--2969},
  year={2017}
}
@inproceedings{gspn,
  title={Gspn: Generative shape proposal network for 3d instance segmentation in point cloud},
  author={Yi, Li and Zhao, Wang and Wang, He and Sung, Minhyuk and Guibas, Leonidas J},
  booktitle={Proceedings of the IEEE Conference on Computer Vision and Pattern Recognition},
  pages={3947--3956},
  year={2019}
}

//2D problems
@inproceedings{largekernel,
  title={Large Kernel Matters--Improve Semantic Segmentation by Global Convolutional Network},
  author={Peng, Chao and Zhang, Xiangyu and Yu, Gang and Luo, Guiming and Sun, Jian},
  booktitle={Proceedings of the IEEE conference on computer vision and pattern recognition},
  pages={4353--4361},
  year={2017}
}

@inproceedings{PSPNet,
  title={Pyramid scene parsing network},
  author={Zhao, Hengshuang and Shi, Jianping and Qi, Xiaojuan and Wang, Xiaogang and Jia, Jiaya},
  booktitle={Proceedings of the IEEE conference on computer vision and pattern recognition},
  pages={2881--2890},
  year={2017}
}



@article{detnet,
  title={Detnet: A backbone network for object detection},
  author={Li, Zeming and Peng, Chao and Yu, Gang and Zhang, Xiangyu and Deng, Yangdong and Sun, Jian},
  journal={arXiv preprint arXiv:1804.06215},
  year={2018}
}

@inproceedings{resnet,
  title={Deep residual learning for image recognition},
  author={He, Kaiming and Zhang, Xiangyu and Ren, Shaoqing and Sun, Jian},
  booktitle={Proceedings of the IEEE conference on computer vision and pattern recognition},
  pages={770--778},
  year={2016}
}

@inproceedings{resnext,
  title={Aggregated residual transformations for deep neural networks},
  author={Xie, Saining and Girshick, Ross and Doll{\'a}r, Piotr and Tu, Zhuowen and He, Kaiming},
  booktitle={Proceedings of the IEEE conference on computer vision and pattern recognition},
  pages={1492--1500},
  year={2017}
}


@article{dilatedconv,
  title={Multi-scale context aggregation by dilated convolutions},
  author={Yu, Fisher and Koltun, Vladlen},
  journal={arXiv preprint arXiv:1511.07122},
  year={2015}
}

@inproceedings{dilatedresnet,
  title={Dilated residual networks},
  author={Yu, Fisher and Koltun, Vladlen and Funkhouser, Thomas},
  booktitle={Proceedings of the IEEE conference on computer vision and pattern recognition},
  pages={472--480},
  year={2017}
}

@inproceedings{deep_layer_aggregation,
  title={Deep layer aggregation},
  author={Yu, Fisher and Wang, Dequan and Shelhamer, Evan and Darrell, Trevor},
  booktitle={Proceedings of the IEEE Conference on Computer Vision and Pattern Recognition},
  pages={2403--2412},
  year={2018}
}




//dataset (4)

@inproceedings{mscoco,
  title={Microsoft coco: Common objects in context},
  author={Lin, Tsung-Yi and Maire, Michael and Belongie, Serge and Hays, James and Perona, Pietro and Ramanan, Deva and Doll{\'a}r, Piotr and Zitnick, C Lawrence},
  booktitle={European conference on computer vision},
  pages={740--755},
  year={2014},
  organization={Springer}
}
@article{pascal,
  title={The pascal visual object classes (voc) challenge},
  author={Everingham, Mark and Van Gool, Luc and Williams, Christopher KI and Winn, John and Zisserman, Andrew},
  journal={International journal of computer vision},
  volume={88},
  number={2},
  pages={303--338},
  year={2010},
  publisher={Springer}
}
@INPROCEEDINGS{Kitti,
  author = {Andreas Geiger and Philip Lenz and Raquel Urtasun},
  title = {Are we ready for Autonomous Driving? The KITTI Vision Benchmark Suite},
  booktitle = {Conference on Computer Vision and Pattern Recognition (CVPR)},
  year = {2012}
}

@article{Kitti,
  title={Vision meets robotics: The kitti dataset},
  author={Geiger, Andreas and Lenz, Philip and Stiller, Christoph and Urtasun, Raquel},
  journal={The International Journal of Robotics Research},
  volume={32},
  number={11},
  pages={1231--1237},
  year={2013},
  publisher={Sage Publications Sage UK: London, England}
}

@inproceedings{SUN_RGBD,
  title={Sun rgb-d: A rgb-d scene understanding benchmark suite},
  author={Song, Shuran and Lichtenberg, Samuel P and Xiao, Jianxiong},
  booktitle={Proceedings of the IEEE conference on computer vision and pattern recognition},
  pages={567--576},
  year={2015}
}
@inproceedings{SCannet,
  title={Scannet: Richly-annotated 3d reconstructions of indoor scenes},
  author={Dai, Angela and Chang, Angel X and Savva, Manolis and Halber, Maciej and Funkhouser, Thomas and Nie{\ss}ner, Matthias},
  booktitle={Proceedings of the IEEE Conference on Computer Vision and Pattern Recognition},
  pages={5828--5839},
  year={2017}
}
@article{scalable framework,
  title={A scalable active framework for region annotation in 3d shape collections},
  author={Yi, Li and Kim, Vladimir G and Ceylan, Duygu and Shen, I and Yan, Mengyan and Su, Hao and Lu, Cewu and Huang, Qixing and Sheffer, Alla and Guibas, Leonidas and others},
  journal={ACM Transactions on Graphics (TOG)},
  volume={35},
  number={6},
  pages={210},
  year={2016},
  publisher={ACM}}
  
  
@inproceedings{PartNet,
  title={PartNet: A Large-scale Benchmark for Fine-grained and Hierarchical Part-level 3D Object Understanding},
  author={Mo, Kaichun and Zhu, Shilin and Chang, Angel X and Yi, Li and Tripathi, Subarna and Guibas, Leonidas J and Su, Hao},
  booktitle={Proceedings of the IEEE Conference on Computer Vision and Pattern Recognition},
  pages={909--918},
  year={2019}
}


// conv kernel (9)

@article{DPC,
  title={Dilated Point Convolutions: On the Receptive Field of Point Convolutions},
  author={Engelmann, Francis and Kontogianni, Theodora and Leibe, Bastian},
  journal={arXiv preprint arXiv:1907.12046},
  year={2019}
}
@inproceedings{Graph_Network, 
  title={Mining point cloud local structures by kernel correlation and graph pooling},
  author={Shen, Yiru and Feng, Chen and Yang, Yaoqing and Tian, Dong},
  booktitle={Proceedings of the IEEE conference on computer vision and pattern recognition},
  pages={4548--4557},
  year={2018}
}
@article{kpconv,
  title={KPConv: Flexible and Deformable Convolution for Point Clouds},
  author={Thomas, Hugues and Qi, Charles R and Deschaud, Jean-Emmanuel and Marcotegui, Beatriz and Goulette, Fran{\c{c}}ois and Guibas, Leonidas J},
  journal={arXiv preprint arXiv:1904.08889},
  year={2019}
}
@inproceedings{Monte Carlo,
  title={Monte Carlo convolution for learning on non-uniformly sampled point clouds},
  author={Hermosilla, Pedro and Ritschel, Tobias and V{\'a}zquez, Pere-Pau and Vinacua, {\`A}lvar and Ropinski, Timo},
  booktitle={SIGGRAPH Asia 2018 Technical Papers},
  pages={235},
  year={2018},
  organization={ACM}
}
@inproceedings{Pointconv,
  title={Pointconv: Deep convolutional networks on 3d point clouds},
  author={Wu, Wenxuan and Qi, Zhongang and Fuxin, Li},
  booktitle={Proceedings of the IEEE Conference on Computer Vision and Pattern Recognition},
  pages={9621--9630},
  year={2019}}
  
@inproceedings{Geo-CNN,
  title={Modeling local geometric structure of 3D point clouds using Geo-CNN},
  author={Lan, Shiyi and Yu, Ruichi and Yu, Gang and Davis, Larry S},
  booktitle={Proceedings of the IEEE Conference on Computer Vision and Pattern Recognition},
  pages={998--1008},
  year={2019}
}
@inproceedings{Tangent_Convolution,
  title={Tangent convolutions for dense prediction in 3d},
  author={Tatarchenko, Maxim and Park, Jaesik and Koltun, Vladlen and Zhou, Qian-Yi},
  booktitle={Proceedings of the IEEE Conference on Computer Vision and Pattern Recognition},
  pages={3887--3896},
  year={2018}
}
@inproceedings{A-cnn,
  title={A-CNN: Annularly Convolutional Neural Networks on Point Clouds},
  author={Komarichev, Artem and Zhong, Zichun and Hua, Jing},
  booktitle={Proceedings of the IEEE Conference on Computer Vision and Pattern Recognition},
  pages={7421--7430},
  year={2019}
}
@inproceedings{pointweb,
  title={PointWeb: Enhancing Local Neighborhood Features for Point Cloud Processing},
  author={Zhao, Hengshuang and Jiang, Li and Fu, Chi-Wing and Jia, Jiaya},
  booktitle={Proceedings of the IEEE Conference on Computer Vision and Pattern Recognition},
  pages={5565--5573},
  year={2019}
}

//Solver
@article{adam,
  title={Adam: A method for stochastic optimization},
  author={Kingma, Diederik P and Ba, Jimmy},
  journal={arXiv preprint arXiv:1412.6980},
  year={2014}
}
